@article{article,
author = {Yin, Yue and Vorobeychik, Yevgeniy and An, Bo and Hazon, Noam},
year = {2018},
month = {02},
pages = {},
title = {Optimal Defense Against Election Control by Deleting Voter Groups},
volume = {259},
journal = {Artificial Intelligence},
doi = {10.1016/j.artint.2018.02.001}
}